@article{Zook:2014ab,
	Author = {Zook, Justin M and others},
	Journal = {Nat Biotechnol},
	Pages = {246-51},
	Title = {Integrating human sequence data sets provides a resource of benchmark {SNP} and indel genotype calls},
	Volume = {32},
	Year = {2014}}

@article{Li:2014ac,
	Author = {Li, Heng},
	Journal = {Bioinformatics},
	Pages = {2843-51},
	Title = {Toward better understanding of artifacts in variant calling from high-coverage samples},
	Volume = {30},
	Year = {2014}}

@article{Chaisson:2015wj,
	Author = {Chaisson, Mark J P and others},
	Journal = {Nat Rev Genet},
	Pages = {627-40},
	Title = {Genetic variation and the de novo assembly of human genomes},
	Volume = {16},
	Year = {2015}}

@article{Li:2015eu,
	Author = {Li, Heng},
	Journal = {Bioinformatics},
	Pages = {3694-6},
	Title = {{FermiKit}: assembly-based variant calling for {Illumina} resequencing data},
	Volume = {31},
	Year = {2015}}

@article{Garrison:2012aa,
	Author = {Garrison, Erik and Marth, Gabor},
	Journal = {arXiv:1207.3907},
	Title = {Haplotype-based variant detection from short-read sequencing},
	Year = {2012}}

@article{Li:2013aa,
	Author = {Li, Heng},
	Journal = {arXiv:1303.3997},
	Title = {Aligning sequence reads, clone sequences and assembly contigs with {BWA-MEM}},
	Year = {2013}}

@article{Bolosky:2014aa,
	Author = {William J. Bolosky and others},
	Journal = {Unpublished},
	Title = {{SNAP}: fast, accurate sequence alignment enabling biological applications},
	Year = {2014}}

@article{Chin:2013qr,
	Author = {Chin, Chen-Shan and others},
	Journal = {Nat Methods},
	Pages = {563-9},
	Title = {Nonhybrid, finished microbial genome assemblies from long-read {SMRT} sequencing data},
	Volume = {10},
	Year = {2013}}

@article{Berlin:2015xy,
	Author = {Berlin, Konstantin and others},
	Journal = {Nat Biotechnol},
	Pages = {623-30},
	Title = {Assembling large genomes with single-molecule sequencing and locality-sensitive hashing},
	Volume = {33},
	Year = {2015}}

@article{Kiebasa:2011aa,
	Author = {Kie{\l}basa, Szymon M and others},
	Journal = {Genome Res},
	Pages = {487-93},
	Title = {Adaptive seeds tame genomic sequence comparison},
	Volume = {21},
	Year = {2011}}

@article{Robinson:2011uo,
	Author = {Robinson, James T and others},
	Journal = {Nat Biotechnol},
	Pages = {24-6},
	Title = {Integrative genomics viewer},
	Volume = {29},
	Year = {2011}}

@article{Depristo:2011vn,
	Author = {Depristo, Mark A and others},
	Journal = {Nat Genet},
	Pages = {491-8},
	Title = {A framework for variation discovery and genotyping using next-generation {DNA} sequencing data},
	Volume = {43},
	Year = {2011}}

@article{Rimmer:2014ab,
	Author = {Rimmer, Andy and others},
	Journal = {Nat Genet},
	Pages = {912-8},
	Title = {Integrating mapping-, assembly- and haplotype-based approaches for calling variants in clinical sequencing applications},
	Volume = {46},
	Year = {2014}}

@article{Li:2011ab,
	Author = {Li, Heng},
	Journal = {Bioinformatics},
	Pages = {2987-93},
	Title = {A statistical framework for SNP calling, mutation discovery, association mapping and population genetical parameter estimation from sequencing data},
	Volume = {27},
	Year = {2011}}

@article{Langmead:2012fk,
	Author = {Langmead, Ben and Salzberg, Steven L},
	Journal = {Nat Methods},
	Pages = {357-9},
	Title = {Fast gapped-read alignment with {Bowtie} 2},
	Volume = {9},
	Year = {2012}}

@article {Eberle055541,
	author = {Eberle, Michael A and others},
	title = {A reference dataset of 5.4 million phased human variants validated by genetic inheritance from sequencing a three-generation 17-member pedigree},
	year = {2016},
	publisher = {Cold Spring Harbor Labs Journals},
	journal = {bioRxiv}}

@article{Nickles:2012aa,
	Author = {Nickles, Dorothee and others},
	Journal = {BMC Genomics},
	Pages = {477},
	Title = {In depth comparison of an individual's {DNA} and its lymphoblastoid cell line using whole genome sequencing},
	Volume = {13},
	Year = {2012}}

@article {Schneider072116,
	author = {Schneider, Valerie A and others},
	title = {Evaluation of {GRCh38} and de novo haploid genome assemblies demonstrates the enduring quality of the reference assembly},
	year = {2016},
	publisher = {Cold Spring Harbor Labs Journals},
	journal = {bioRxiv}
}

@article{Morgulis:2006aa,
	Author = {Morgulis, Aleksandr and others},
	Journal = {J Comput Biol},
	Pages = {1028-40},
	Title = {A fast and symmetric {DUST} implementation to mask low-complexity {DNA} sequences},
	Volume = {13},
	Year = {2006}}

@article{Seo:2016aa,
	Author = {Seo, Jeong-Sun and others},
	Journal = {Nature},
	Pages = {243-247},
	Title = {De novo assembly and phasing of a Korean human genome},
	Volume = {538},
	Year = {2016}}

@article{Gordon:2016kq,
	Author = {Gordon, David and others},
	Journal = {Science},
	Pages = {aae0344},
	Title = {Long-read sequence assembly of the gorilla genome},
	Volume = {352},
	Year = {2016}}

@article{Chin:2016aa,
	Author = {Chin, Chen-Shan and others},
	Journal = {Nat Methods},
	Title = {Phased diploid genome assembly with single-molecule real-time sequencing},
	Year = {2016}}

@article{Mallick:2016aa,
	Author = {Mallick, Swapan and others},
	Journal = {Nature},
	Pages = {201-206},
	Title = {The {Simons Genome Diversity Project}: 300 genomes from 142 diverse populations},
	Volume = {538},
	Year = {2016}}

@article{1000-Genomes-Project-Consortium:2015aa,
	Author = {{1000 Genomes Project Consortium}},
	Journal = {Nature},
	Pages = {68-74},
	Title = {A global reference for human genetic variation},
	Volume = {526},
	Year = {2015}}

@article{Li:2017kk,
	Author = {Li, Heng},
	Journal = {arXiv:1708.01492},
	Title = {Minimap2: versatile pairwise alignment for nucleotide sequences},
	archivePrefix = "arXiv",
	eprint = {1708.01492},
	primaryClass = "q-bio",
	Year = {2017}}
